<record><leader>00000cas a22000007a 4500</leader><controlfield tag="001">20818801</controlfield><controlfield tag="008">891226d18961896nduwr ne      0    0eng d</controlfield><datafield ind1=" " ind2=" " tag="010"><subfield code="a">sn 89074463 </subfield></datafield><datafield ind1=" " ind2=" " tag="040"><subfield code="a">NOP</subfield><subfield code="b">eng</subfield><subfield code="c">NOP</subfield><subfield code="d">OCLCQ</subfield></datafield><datafield ind1=" " ind2=" " tag="042"><subfield code="a">msc</subfield></datafield><datafield ind1="0" ind2="4" tag="245"><subfield code="a">The Fargo sun and North Dakota independent.</subfield></datafield><datafield ind1=" " ind2=" " tag="260"><subfield code="a">Fargo [N.D.] :</subfield><subfield code="b">C.A. Lounsberry</subfield></datafield><datafield ind1=" " ind2=" " tag="300"><subfield code="a">1 v. :</subfield><subfield code="b">ill. ;</subfield><subfield code="c">54 cm.</subfield></datafield><datafield ind1=" " ind2=" " tag="310"><subfield code="a">Weekly</subfield></datafield><datafield ind1="0" ind2=" " tag="362"><subfield code="a">Vol. 16, no. 10 (Mar. 14, 1896)-v. 16, no. 20 (May 18, 1896).</subfield></datafield><datafield ind1=" " ind2=" " tag="530"><subfield code="a">Available on microfilm from the State Historical Society of North Dakota.</subfield></datafield><datafield ind1=" " ind2=" " tag="752"><subfield code="a">United States</subfield><subfield code="b">North Dakota</subfield><subfield code="c">Cass</subfield><subfield code="d">Fargo.</subfield></datafield><datafield ind1="0" ind2="4" tag="780"><subfield code="t">Fargo sun and Saturday evening journal</subfield><subfield code="w">(DLC)sn 89074462</subfield></datafield><datafield ind1="0" ind2="4" tag="780"><subfield code="t">North Dakota independent (Fargo, N.D.)</subfield><subfield code="w">(DLC)sn 89074461</subfield></datafield><datafield ind1="0" ind2="0" tag="785"><subfield code="t">Sun-independent</subfield><subfield code="w">(DLC)sn 89074464</subfield></datafield></record>